@inproceedings{Cortez2008,
    author = {Cortez, Paulo and Silva, Alice Maria Gon√ßalves},
    title = {Using data mining to predict secondary school student performance},
    editor = {Brito, A. and Teixeira, J.},
    booktitle = {Proceedings of 5th Annual Future Business Technology Conference, Porto, 2008},
    publisher = {EUROSIS},
    year = {2008},
    isbn = {978-9077381-39-7},
    pages = {5-12},
    url = {https://hdl.handle.net/1822/8024}
}

